@article{HM99,
  author = {A. Hanage and K. Mimige},
  journal = {J.IEEE},
  title = {''Study on Latex Junkie''},
  volume = {no. 4},
  year = {1999},
  pages={pp.11--22}
  
}